<?xml version="1.0" encoding="utf-8"?>
<record xmlns="http://www.loc.gov/MARC21/slim" xmlns:xsi="http://www.w3.org/2001/XMLSchema-instance" xsi:schemaLocation="http://www.loc.gov/MARC21/slim http://www.loc.gov/standards/marcxml/schema/MARC21slim.xsd">
	<leader>     nam a22        4500</leader>
	<controlfield tag="001">950097</controlfield>
	<controlfield tag="003">NjP</controlfield>
	<controlfield tag="006">m        d        </controlfield>
	<controlfield tag="007">cr cn |||m|||a</controlfield>
	<controlfield tag="008">170203s1888    tu      o     000 0 ara d</controlfield>
	<datafield ind1=" " ind2=" " tag="040">
		<subfield code="a">NNU</subfield>
		<subfield code="b">eng</subfield>
		<subfield code="e">rda</subfield>
		<subfield code="c">NNU</subfield>
	</datafield>
	<datafield ind1=" " ind2="4" tag="050">
		<subfield code="a">BP130.4</subfield>
		<subfield code="b">.B36 1888</subfield>
	</datafield>
	<datafield ind1="1" ind2=" " tag="100">
		<subfield code="6">880-01</subfield>
		<subfield code="a">Shaykhʹzādah, Muḥammad ibn Muṣṭafá,</subfield>
		<subfield code="d">-1544 or 1545.</subfield>
	</datafield>
	<datafield ind1="1" ind2="0" tag="240">
		<subfield code="6">880-02</subfield>
		<subfield code="a">Ḥāshiyat Shaykhʹzādah ʻalá tafsīr al-Qāḍī al-Bayḍāwī</subfield>
	</datafield>
	<datafield ind1="1" ind2="0" tag="245">
		<subfield code="6">880-03</subfield>
		<subfield code="a">Hadhā al-juzʼ al-awwal[-al-thālith] min Ḥāshiyat Shaykhʹzādah ʻalá tafsīr al-Qāḍī al-Bayḍāwī</subfield>
	</datafield>
	<datafield ind1="1" ind2="4" tag="246">
		<subfield code="a">Şehzade tevsiri</subfield>
	</datafield>
	<datafield ind1="1" ind2="6" tag="246">
		<subfield code="6">880-04</subfield>
		<subfield code="a">Ḥāshīyat Shaykhʹzādah ʻalá tafsīr al-qāḍī al-Bayḍāwī</subfield>
	</datafield>
	<datafield ind1=" " ind2=" " tag="260">
		<subfield code="6">880-05</subfield>
		<subfield code="a">Istanbul :</subfield>
		<subfield code="b">al-Maṭbaʻah al-ʻUthmānīyah,</subfield>
		<subfield code="c">1306 [1888 or 1889]</subfield>
	</datafield>
	<datafield ind1=" " ind2=" " tag="300">
		<subfield code="a">online resource (3 volumes)</subfield>
	</datafield>
	<datafield ind1=" " ind2=" " tag="336">
		<subfield code="a">text</subfield>
		<subfield code="2">rdacontent</subfield>
	</datafield>
	<datafield ind1=" " ind2=" " tag="337">
		<subfield code="a">computer</subfield>
		<subfield code="2">rdamedia</subfield>
	</datafield>
	<datafield ind1=" " ind2=" " tag="338">
		<subfield code="a">online resource</subfield>
		<subfield code="2">rdacarrier</subfield>
	</datafield>
	<datafield ind1=" " ind2=" " tag="500">
		<subfield code="a">Part of the Arabic Collections Online (ACO) project, contributed by Princeton University Libraries.</subfield>
	</datafield>
	<datafield ind1=" " ind2=" " tag="533">
		<subfield code="a">Electronic reproduction.</subfield>
		<subfield code="b">New York, N.Y. :</subfield>
		<subfield code="c">New York University,</subfield>
		<subfield code="d">2017.</subfield>
		<subfield code="5">NNU</subfield>
	</datafield>
	<datafield ind1="1" ind2="0" tag="600">
		<subfield code="6">880-06</subfield>
		<subfield code="a">Bayḍāwī, ʻAbd Allāh ibn ʻUmar,</subfield>
		<subfield code="d">-1286?</subfield>
		<subfield code="t">Anwār al-tanzīl wa-asrār al-taʼwīl.</subfield>
	</datafield>
	<datafield ind1="0" ind2="0" tag="630">
		<subfield code="a">Qurʼan</subfield>
		<subfield code="v">Commentaries.</subfield>
	</datafield>
	<datafield ind1="0" ind2="7" tag="630">
		<subfield code="a">Anwār al-tanzīl wa-asrār al-taʼwīl (Bayḍāwī, ʻAbd Allāh ibn ʻUmar)</subfield>
		<subfield code="2">fast</subfield>
		<subfield code="0">(OCoLC)fst01369620</subfield>
	</datafield>
	<datafield ind1="0" ind2="7" tag="630">
		<subfield code="a">Qurʼan.</subfield>
		<subfield code="2">fast</subfield>
		<subfield code="0">(OCoLC)fst01842877</subfield>
	</datafield>
	<datafield ind1=" " ind2="7" tag="655">
		<subfield code="a">Commentaries.</subfield>
		<subfield code="2">fast</subfield>
		<subfield code="0">(OCoLC)fst01423723</subfield>
	</datafield>
	<datafield ind1="2" ind2=" " tag="710">
		<subfield code="a">Princeton University.</subfield>
		<subfield code="b">Library.</subfield>
	</datafield>
	<datafield ind1="0" ind2=" " tag="730">
		<subfield code="a">Arabic Collections Online.</subfield>
	</datafield>
	<datafield ind1="0" ind2="8" tag="776">
		<subfield code="i">Print version:</subfield>
		<subfield code="a">Shaykhʹzādah, Muḥammad ibn Muṣṭafá, -1544 or 1545.</subfield>
		<subfield code="t">Hadhā al-juzʼ al-awwal[-al-thālith] min Ḥāshiyat Shaykhʹzādah ʻalá tafsīr al-Qāḍī al-Bayḍāwī</subfield>
		<subfield code="w">(NjP)950097</subfield>
		<subfield code="w">(OCoLC)78115184</subfield>
	</datafield>
	<datafield ind1=" " ind2="0" tag="830">
		<subfield code="a">Princeton University Arabic collection ;</subfield>
		<subfield code="v">cn. 9403045.01.</subfield>
	</datafield>
	<datafield ind1=" " ind2="0" tag="830">
		<subfield code="a">Princeton University Arabic collection.</subfield>
		<subfield code="p">Phase II.</subfield>
	</datafield>
	<datafield ind1="4" ind2="0" tag="856">
		<subfield code="u">http://hdl.handle.net/2333.1/jm63xz47</subfield>
	</datafield>
	<datafield ind1="1" ind2=" " tag="880">
		<subfield code="6">100-01/r</subfield>
		<subfield code="a">شيخ زادة، محمد بن مصطفى،</subfield>
		<subfield code="d">-1544 or 1545.</subfield>
	</datafield>
	<datafield ind1="1" ind2="0" tag="880">
		<subfield code="6">240-02/r</subfield>
		<subfield code="a">حاشية شيخ زادة على تفسير القاضي البيضاوي</subfield>
	</datafield>
	<datafield ind1="1" ind2="0" tag="880">
		<subfield code="6">245-03/r</subfield>
		<subfield code="a">هذا الجزء الاول[الثالث] من حاشية شيخ زادة على تفسير القاضي البيضاوي</subfield>
	</datafield>
	<datafield ind1="1" ind2="6" tag="880">
		<subfield code="6">246-04/r</subfield>
		<subfield code="a">حاشية شيخ زادة على تفسير القاضي البيضاوي</subfield>
	</datafield>
	<datafield ind1=" " ind2=" " tag="880">
		<subfield code="6">260-05/r</subfield>
		<subfield code="a">استانبول :</subfield>
		<subfield code="b">المطبعة العثمانية،</subfield>
		<subfield code="c">1306 [1888 or 1889]</subfield>
	</datafield>
	<datafield ind1="1" ind2="4" tag="880">
		<subfield code="6">600-06/r</subfield>
		<subfield code="a">بيضاوي، عبد الله بن عمر،</subfield>
		<subfield code="d">-1286؟</subfield>
		<subfield code="t">انوار التنزيل واسرار التأويل.</subfield>
	</datafield>
	<datafield ind1=" " ind2=" " tag="959">
		<subfield code="a">NNU</subfield>
		<subfield code="b">WEB</subfield>
		<subfield code="c">GENI</subfield>
		<subfield code="t">0</subfield>
		<subfield code="m">Electronic access</subfield>
		<subfield code="s">01</subfield>
	</datafield>
	<datafield ind1=" " ind2=" " tag="999">
		<subfield code="i">NjP_950097</subfield>
		<subfield code="o">(OCoLC)ocm78115184</subfield>
		<subfield code="s">princeton_aco000852:v. 1</subfield>
		<subfield code="s">princeton_aco000853:v. 2</subfield>
		<subfield code="s">princeton_aco000854:v. 3</subfield>
		<subfield code="e">(ERROR-880)(ERROR-MISC)</subfield>
		<subfield code="s">princeton_aco000852:v. 1</subfield>
		<subfield code="s">princeton_aco000853:v. 2</subfield>
		<subfield code="s">princeton_aco000854:v. 3</subfield>
	</datafield>
</record>
